<?xml version="1.0" encoding="UTF-8"?><collection xmlns="http://www.loc.gov/MARC21/slim"><record><leader>00822nam--2200193-i-4500</leader><controlfield tag="001">000022160</controlfield><controlfield tag="002">20161230</controlfield><controlfield tag="005">20161230201034</controlfield><controlfield tag="008">060222s1000------------r-----000-0-eng-d</controlfield><datafield ind1=" " ind2=" " tag="040"><subfield code="a">IFIN-HH</subfield></datafield><datafield ind1=" " ind2=" " tag="080"><subfield code="a">538.12</subfield></datafield><datafield ind1="1" ind2=" " tag="100"><subfield code="a">Kolm, Henry</subfield></datafield><datafield ind1="1" ind2="0" tag="245"><subfield code="a">High magnetic fields</subfield><subfield code="b">Proceedings of the international conference on high magnetic fields held at the massachusetts institute of thechnology cambridge, massachusetts november 1-4, 1961 sponsored by solid state sciences division on the air force office of scientific research unDER GRANT NO. AF-AFOSR 61-31</subfield><subfield code="c">Henry kolm; benjamin lax; francis bitter; robert mills (eds.)</subfield></datafield><datafield ind1=" " ind2=" " tag="260"><subfield code="a">New York</subfield><subfield code="b">John Wiley &amp; Sons, Inc</subfield><subfield code="c">1962</subfield></datafield><datafield ind1=" " ind2=" " tag="300"><subfield code="a">XV + 751 P</subfield></datafield><datafield ind1=" " ind2=" " tag="490"><subfield code="a">Proceedings</subfield></datafield><datafield ind1="1" ind2=" " tag="700"><subfield code="a">Mills, Robert</subfield><subfield code="e">Ed</subfield></datafield><datafield ind1=" " ind2=" " tag="852"><subfield code="a">18485</subfield><subfield code="c">537:538</subfield></datafield><datafield ind1=" " ind2=" " tag="CAT"><subfield code="a">Sys</subfield><subfield code="c">20110610</subfield><subfield code="h">124524</subfield></datafield></record></collection>